<?xml version="1.0" encoding="UTF-8"?><collection xmlns="http://www.loc.gov/MARC21/slim"><record><leader>00517nam--2200181-i-4500</leader><controlfield tag="001">000026998</controlfield><controlfield tag="002">20161230</controlfield><controlfield tag="005">20161230201036</controlfield><controlfield tag="008">060222s1000------------r-----000-0-eng-d</controlfield><datafield ind1=" " ind2=" " tag="040"><subfield code="a">IFIN0HH</subfield></datafield><datafield ind1=" " ind2=" " tag="080"><subfield code="a">530.12</subfield></datafield><datafield ind1="1" ind2=" " tag="100"><subfield code="a">Weber,J./S.A.</subfield></datafield><datafield ind1="1" ind2="0" tag="245"><subfield code="a">General relativity and gravitational waves</subfield><subfield code="c">J. weber</subfield></datafield><datafield ind1=" " ind2=" " tag="260"><subfield code="a">New York</subfield><subfield code="b">Interscience Publishers, Inc</subfield><subfield code="c">1961</subfield></datafield><datafield ind1=" " ind2=" " tag="300"><subfield code="a">VIII+200P</subfield></datafield><datafield ind1=" " ind2=" " tag="490"><subfield code="a">Interscience Tracts On Physics And Astronomy Number 10</subfield></datafield><datafield ind1=" " ind2=" " tag="852"><subfield code="a">10104</subfield><subfield code="c">53</subfield></datafield><datafield ind1=" " ind2=" " tag="CAT"><subfield code="a">Sys</subfield><subfield code="c">20150129</subfield><subfield code="h">181434</subfield></datafield></record></collection>